<record><leader>00000cas a22000007a 4500</leader><controlfield tag="001">13292339</controlfield><controlfield tag="008">860313c19859999txudn ne      0   e0chi d</controlfield><datafield ind1=" " ind2=" " tag="010"><subfield code="a">sn 86014854 </subfield></datafield><datafield ind1=" " ind2=" " tag="040"><subfield code="a">NSD</subfield><subfield code="b">eng</subfield><subfield code="c">NSD</subfield><subfield code="d">PPM</subfield><subfield code="d">DLC</subfield><subfield code="d">OCLCQ</subfield><subfield code="d">OCLCF</subfield><subfield code="d">OCLCO</subfield></datafield><datafield ind1=" " ind2=" " tag="012"><subfield code="k">1</subfield><subfield code="m">1</subfield></datafield><datafield ind1="1" ind2=" " tag="022"><subfield code="a">0887-5634</subfield><subfield code="l">0887-5634</subfield><subfield code="2">1</subfield></datafield><datafield ind1="1" ind2=" " tag="029"><subfield code="a">AU@</subfield><subfield code="b">000015612700</subfield></datafield><datafield ind1=" " ind2=" " tag="032"><subfield code="a">000171</subfield><subfield code="b">USPS</subfield></datafield><datafield ind1=" " ind2=" " tag="037"><subfield code="b">World Journal, 9104-A Bellaire Blvd., Houston, TX 77036</subfield></datafield><datafield ind1=" " ind2=" " tag="042"><subfield code="a">nsdp</subfield><subfield code="a">msc</subfield></datafield><datafield ind1=" " ind2=" " tag="043"><subfield code="a">n-us-tx</subfield></datafield><datafield ind1=" " ind2="4" tag="050"><subfield code="a">AN1.T4</subfield><subfield code="b">H68 wj</subfield></datafield><datafield ind1="0" ind2=" " tag="130"><subfield code="a">Shih chieh jih pao (Houston, Tex.)</subfield></datafield><datafield ind1=" " ind2="0" tag="222"><subfield code="a">Shi&#768;ji&#768;e ri&#768;ba&#768;o</subfield><subfield code="b">(Houston, Tex.)</subfield></datafield><datafield ind1="1" ind2="0" tag="245"><subfield code="a">Shi jie ri bao =</subfield><subfield code="b">World journal.</subfield></datafield><datafield ind1="3" ind2="1" tag="246"><subfield code="a">World journal</subfield></datafield><datafield ind1="1" ind2="3" tag="246"><subfield code="a">World journal of Texas</subfield><subfield code="f">&lt;Mar. 5, 1986-&gt;</subfield></datafield><datafield ind1=" " ind2=" " tag="260"><subfield code="a">Houston, TX :</subfield><subfield code="b">Shi jie ri bao she</subfield></datafield><datafield ind1=" " ind2=" " tag="310"><subfield code="a">Daily (except for certain holidays)</subfield></datafield><datafield ind1="1" ind2=" " tag="362"><subfield code="a">Began in 1985.</subfield></datafield><datafield ind1=" " ind2=" " tag="515"><subfield code="a">Assumed numbering of: Shi jie ri bao (Monterey Park, Calif.).</subfield></datafield><datafield ind1=" " ind2=" " tag="588"><subfield code="a">Description based on: No. 2901 (Sunday, Oct. 6, 1985).</subfield></datafield><datafield ind1=" " ind2=" " tag="588"><subfield code="a">Latest issue consulted: No. 5184 (Mar. 23, 1992).</subfield></datafield><datafield ind1=" " ind2="0" tag="650"><subfield code="a">Chinese Americans</subfield><subfield code="z">Texas</subfield><subfield code="v">Newspapers.</subfield></datafield><datafield ind1=" " ind2="7" tag="655"><subfield code="a">Newspapers.</subfield><subfield code="2">fast</subfield><subfield code="0">(OCoLC)fst01423814</subfield></datafield><datafield ind1=" " ind2="7" tag="650"><subfield code="a">Chinese Americans.</subfield><subfield code="2">fast</subfield><subfield code="0">(OCoLC)fst00857249</subfield></datafield><datafield ind1=" " ind2="7" tag="651"><subfield code="a">Texas.</subfield><subfield code="2">fast</subfield><subfield code="0">(OCoLC)fst01210336</subfield></datafield><datafield ind1=" " ind2=" " tag="752"><subfield code="a">United States</subfield><subfield code="b">Texas</subfield><subfield code="c">Harris</subfield><subfield code="d">Houston.</subfield></datafield><datafield ind1="0" ind2="1" tag="780"><subfield code="t">Shi jie ri bao (Monterey Park, Calif.)</subfield><subfield code="x">0740-1108</subfield><subfield code="w">(OCoLC)8184565</subfield></datafield></record>